%@book{esimerkki,
%  title = {Graph Theory},
%  author = {Reinhard Diestel},
%  publisher = {Springer},
%  year = {2005},
%  address = {Berliini},
%  edition = {3.}
%}
%
%@book{toinen,
%  title = {Mitä tämä on},
%  author = {Kukkuluuruu},
%  publisher = {Springer kustantamo},
%  year = {2015},
%  address = {Suomi},
%  edition = {5.}
%}

@inbook{Mariani:Pezze:2008,
AUTHOR =       {Leonardo Mariani and Mauro Pezze}, 
editor =       {A. De Lucia and F. Ferrucci and G. Tortora and M. Tucci},
TITLE =        {Testing Object-Oriented Software},
CHAPTER =      {Emerging Methods, Technologies and Process Management in Software Engineering},
PUBLISHER =    {Wiley-IEEE Computer Society Press},
YEAR =         {2008},
pages = {85--108}
}

@article{Jia:Harman:2011,
 author = {Jia, Yue and Harman, Mark},
 title = {An Analysis and Survey of the Development of Mutation Testing},
 journal = {IEEE Trans. Softw. Eng.},
 issue_date = {September 2011},
 volume = {37},
 number = {5},
 month = sep,
 year = {2011},
 issn = {0098-5589},
 pages = {649--678},
 numpages = {30},
 url = {http://dx.doi.org/10.1109/TSE.2010.62},
 doi = {10.1109/TSE.2010.62},
 acmid = {2052494},
 publisher = {IEEE Press},
 address = {Piscataway, NJ, USA},
 keywords = {Mutation testing, survey.}
} 

@book{Binder:1999,
 author = {Binder, Robert V.},
 title = {Testing Object-oriented Systems: Models, Patterns, and Tools},
 year = {1999},
 isbn = {0-201-80938-9},
 publisher = {Addison-Wesley Longman Publishing Co., Inc.},
 address = {Boston, MA, USA}
} 


@inproceedings{Ma:Harrold:Kwon:2006,
 author = {Ma, Yu-Seung and Harrold, Mary Jean and Kwon, Yong-Rae},
 title = {Evaluation of Mutation Testing for Object-oriented Programs},
 booktitle = {Proceedings of the 28th International Conference on Software Engineering},
 series = {ICSE '06},
 year = {2006},
 isbn = {1-59593-375-1},
 location = {Shanghai, China},
 pages = {869--872},
 numpages = {4},
 url = {http://doi.acm.org/10.1145/1134285.1134437},
 doi = {10.1145/1134285.1134437},
 acmid = {1134437},
 publisher = {ACM},
 address = {New York, NY, USA}
} 

@book{Dahl:Dijkstra:Hoare:1972,
 editor = {Dahl, O. J. and Dijkstra, E. W. and Hoare, C. A. R.},
 title = {Structured Programming},
 year = {1972},
 isbn = {0-12-200550-3},
 source = {Library of Congress Catalog Card Number: 72-84452},
 publisher = {Academic Press Ltd.},
 address = {London, UK, UK}
}

@article{Manna:Waldinger:1978,
  author    = {Zohar Manna and
               Richard J. Waldinger},
  title     = {The Logic of Computer Programming},
  journal   = {{IEEE} Trans. Software Eng.},
  volume    = {4},
  number    = {3},
  pages     = {199--229},
  year      = {1978},
  url       = {http://doi.ieeecomputersociety.org/10.1109/TSE.1978.231499},
  doi       = {10.1109/TSE.1978.231499},
  timestamp = {Mon, 07 Nov 2011 16:59:21 +0100},
  biburl    = {http://dblp.uni-trier.de/rec/bib/journals/tse/MannaW78},
  bibsource = {dblp computer science bibliography, http://dblp.org}
}

@INPROCEEDINGS{Kim:Clark:McDermid:2000,
  author = {Sunwoo Kim and John A. Clark and John A. McDermid},
  title = {Class Mutation: Mutation Testing for Object-oriented Programs},
  booktitle = {Proceedings of the Net.ObjectDays Conference on Object-Oriented Software Systems},
  year = {2000},
  address = {}, 
  month = oct, 
  pages = {9--12}
}

@article{DeMillo:Lipton:Sayward:1978,
 author = {DeMillo, R. A. and Lipton, R. J. and Sayward, F. G.},
 title = {Hints on Test Data Selection: Help for the Practicing Programmer},
 journal = {Computer},
 issue_date = {April 1978},
 volume = {11},
 number = {4},
 month = apr,
 year = {1978},
 issn = {0018-9162},
 pages = {34--41},
 numpages = {8},
 url = {http://dx.doi.org/10.1109/C-M.1978.218136},
 doi = {10.1109/C-M.1978.218136},
 acmid = {1301357},
 publisher = {IEEE Computer Society Press},
 address = {Los Alamitos, CA, USA}
} 

@INPROCEEDINGS{Ma:Kwon:Offutt:2002, 
author={Yu-Seung Ma and Yong-Rae Kwon and Offutt, J.}, 
booktitle={Software Reliability Engineering, 2002. ISSRE 2003. Proceedings. 13th International Symposium on}, 
title={Inter-class mutation operators for Java}, 
year={2002}, 
pages={352-363}, 
keywords={Java;inheritance;object-oriented programming;program testing;Java;class testing level;dynamic binding;inheritance;inter-class mutation operators;mutation testing;object-oriented programming languages;polymorphism;Computer science;Dynamic programming;Encapsulation;Fault detection;Genetic mutations;History;Java;Object oriented modeling;Object oriented programming;System testing}, 
doi={10.1109/ISSRE.2002.1173287}, 
ISSN={1071-9458}, 
month={},}