@book{esimerkki,
  title = {Graph Theory},
  author = {Reinhard Diestel},
  publisher = {Springer},
  year = {2005},
  address = {Berliini},
  edition = {3.}
}

@book{toinen,
  title = {Mitä tämä on},
  author = {Kukkuluuruu},
  publisher = {Springer kustantamo},
  year = {2015},
  address = {Suomi},
  edition = {5.}
}
