@book{esimerkki,
  title = {Graph Theory},
  author = {Reinhard Diestel},
  publisher = {Springer},
  year = {2005},
  address = {Berliini},
  edition = {3.}
}

@book{toinen,
  title = {Mitä tämä on},
  author = {Kukkuluuruu},
  publisher = {Springer kustantamo},
  year = {2015},
  address = {Suomi},
  edition = {5.}
}

@inbook{marianitest,
AUTHOR =       {Leonardo Mariani and Mauro Pezze}, 
editor =       {A. De Lucia and F. Ferrucci and G. Tortora and M. Tucci},
TITLE =        {Testing Object-Oriented Software},
CHAPTER =      {Emerging Methods, Technologies and Process Management in Software Engineering},
PUBLISHER =    {Wiley-IEEE Computer Society Press},
YEAR =         {2008},
}

@article{jiaharmananalyysi,
 author = {Jia, Yue and Harman, Mark},
 title = {An Analysis and Survey of the Development of Mutation Testing},
 journal = {IEEE Trans. Softw. Eng.},
 issue_date = {September 2011},
 volume = {37},
 number = {5},
 month = sep,
 year = {2011},
 issn = {0098-5589},
 pages = {649--678},
 numpages = {30},
 url = {http://dx.doi.org/10.1109/TSE.2010.62},
 doi = {10.1109/TSE.2010.62},
 acmid = {2052494},
 publisher = {IEEE Press},
 address = {Piscataway, NJ, USA},
 keywords = {Mutation testing, survey.}
} 


@inproceedings{mutaatiotestausevaluaatio,
 author = {Ma, Yu-Seung and Harrold, Mary Jean and Kwon, Yong-Rae},
 title = {Evaluation of Mutation Testing for Object-oriented Programs},
 booktitle = {Proceedings of the 28th International Conference on Software Engineering},
 series = {ICSE '06},
 year = {2006},
 isbn = {1-59593-375-1},
 location = {Shanghai, China},
 pages = {869--872},
 numpages = {4},
 url = {http://doi.acm.org/10.1145/1134285.1134437},
 doi = {10.1145/1134285.1134437},
 acmid = {1134437},
 publisher = {ACM},
 address = {New York, NY, USA},
} 