%@book{esimerkki,
%  title = {Graph Theory},
%  author = {Reinhard Diestel},
%  publisher = {Springer},
%  year = {2005},
%  address = {Berliini},
%  edition = {3.}
%}
%
%@book{toinen,
%  title = {Mitä tämä on},
%  author = {Kukkuluuruu},
%  publisher = {Springer kustantamo},
%  year = {2015},
%  address = {Suomi},
%  edition = {5.}
%}

@inbook{Mariani:Pezze:2008,
AUTHOR =       {Leonardo Mariani and Mauro Pezze}, 
editor =       {A. De Lucia and F. Ferrucci and G. Tortora and M. Tucci},
TITLE =        {Testing Object-Oriented Software},
CHAPTER =      {Emerging Methods, Technologies and Process Management in Software Engineering},
PUBLISHER =    {Wiley-IEEE Computer Society Press},
YEAR =         {2008},
pages = {85--108}
}

@article{Jia:Harman:2011,
 author = {Jia, Yue and Harman, Mark},
 title = {An Analysis and Survey of the Development of Mutation Testing},
 journal = {IEEE Trans. Softw. Eng.},
 issue_date = {September 2011},
 volume = {37},
 number = {5},
 month = sep,
 year = {2011},
 issn = {0098-5589},
 pages = {649--678},
 numpages = {30},
 url = {http://dx.doi.org/10.1109/TSE.2010.62},
 doi = {10.1109/TSE.2010.62},
 acmid = {2052494},
 publisher = {IEEE Press},
 address = {Piscataway, NJ, USA},
 keywords = {Mutation testing, survey.}
} 

@book{Binder:1999,
 author = {Binder, Robert V.},
 title = {Testing Object-oriented Systems: Models, Patterns, and Tools},
 year = {1999},
 isbn = {0-201-80938-9},
 publisher = {Addison-Wesley Longman Publishing Co., Inc.},
 address = {Boston, MA, USA}
} 


@inproceedings{Ma:Harrold:Kwon:2006,
 author = {Ma, Yu-Seung and Harrold, Mary Jean and Kwon, Yong-Rae},
 title = {Evaluation of Mutation Testing for Object-oriented Programs},
 booktitle = {Proceedings of the 28th International Conference on Software Engineering},
 series = {ICSE '06},
 year = {2006},
 isbn = {1-59593-375-1},
 location = {Shanghai, China},
 pages = {869--872},
 numpages = {4},
 url = {http://doi.acm.org/10.1145/1134285.1134437},
 doi = {10.1145/1134285.1134437},
 acmid = {1134437},
 publisher = {ACM},
 address = {New York, NY, USA}
} 

@book{Dahl:Dijkstra:Hoare:1972,
 editor = {Dahl, O. J. and Dijkstra, E. W. and Hoare, C. A. R.},
 title = {Structured Programming},
 year = {1972},
 isbn = {0-12-200550-3},
 source = {Library of Congress Catalog Card Number: 72-84452},
 publisher = {Academic Press Ltd.},
 address = {London, UK, UK}
}

@article{Manna:Waldinger:1978,
  author    = {Zohar Manna and
               Richard J. Waldinger},
  title     = {The Logic of Computer Programming},
  journal   = {{IEEE} Trans. Software Eng.},
  volume    = {4},
  number    = {3},
  pages     = {199--229},
  year      = {1978},
  url       = {http://doi.ieeecomputersociety.org/10.1109/TSE.1978.231499},
  doi       = {10.1109/TSE.1978.231499},
  timestamp = {Mon, 07 Nov 2011 16:59:21 +0100},
  biburl    = {http://dblp.uni-trier.de/rec/bib/journals/tse/MannaW78},
  bibsource = {dblp computer science bibliography, http://dblp.org}
}

@INPROCEEDINGS{Kim:Clark:McDermid:2000,
  author = {Sunwoo Kim and John A. Clark and John A. McDermid},
  title = {Class Mutation: Mutation Testing for Object-oriented Programs},
  booktitle = {Proceedings of the Net.ObjectDays Conference on Object-Oriented Software Systems},
  year = {2000},
  address = {}, 
  month = oct, 
  pages = {}
}

@article{DeMillo:Lipton:Sayward:1978,
 author = {DeMillo, R. A. and Lipton, R. J. and Sayward, F. G.},
 title = {Hints on Test Data Selection: Help for the Practicing Programmer},
 journal = {Computer},
 issue_date = {April 1978},
 volume = {11},
 number = {4},
 month = apr,
 year = {1978},
 issn = {0018-9162},
 pages = {34--41},
 numpages = {8},
 url = {http://dx.doi.org/10.1109/C-M.1978.218136},
 doi = {10.1109/C-M.1978.218136},
 acmid = {1301357},
 publisher = {IEEE Computer Society Press},
 address = {Los Alamitos, CA, USA}
} 

@INPROCEEDINGS{Ma:Kwon:Offutt:2002, 
author={Yu-Seung Ma and Yong-Rae Kwon and Offutt, J.}, 
booktitle={Software Reliability Engineering, 2002. ISSRE 2003. Proceedings. 13th International Symposium on}, 
title={Inter-Class Mutation Operators for Java}, 
year={2002}, 
pages={352-363}, 
keywords={Java;inheritance;object-oriented programming;program testing;Java;class testing level;dynamic binding;inheritance;inter-class mutation operators;mutation testing;object-oriented programming languages;polymorphism;Computer science;Dynamic programming;Encapsulation;Fault detection;Genetic mutations;History;Java;Object oriented modeling;Object oriented programming;System testing}, 
doi={10.1109/ISSRE.2002.1173287}, 
ISSN={1071-9458}, 
month={}
}

@article{Offutt:2011,
  author    = {Jeff Offutt},
  title     = {A mutation carol: Past, present and future},
  journal   = {Information {\&} Software Technology},
  volume    = {53},
  number    = {10},
  pages     = {1098--1107},
  year      = {2011},
  url       = {http://dx.doi.org/10.1016/j.infsof.2011.03.007},
  doi       = {10.1016/j.infsof.2011.03.007},
  timestamp = {Mon, 11 Jul 2011 09:32:13 +0200},
  biburl    = {http://dblp.uni-trier.de/rec/bib/journals/infsof/Offutt11},
  bibsource = {dblp computer science bibliography, http://dblp.org}
}

@incollection{Offutt:Untch:2001,
 author = {Offutt, A. Jefferson and Untch, Ronald H.},
 chapter = {Mutation 2000: Uniting the Orthogonal},
 title = {Mutation Testing for the New Century},
 editor = {Wong, W. Eric},
 year = {2001},
 isbn = {0-7923-7323-5},
 pages = {34--44},
 numpages = {11},
 url = {http://dl.acm.org/citation.cfm?id=571305.571314},
 acmid = {571314},
 publisher = {Kluwer Academic Publishers},
 address = {Norwell, MA, USA}
} 

@inproceedings{Offutt:Ma:Kwon:2006:MuClassLevel,
 author = {Offutt, Jeff and Ma, Yu-Seung and Kwon, Yong-Rae},
 title = {The Class-level Mutants of MuJava},
 booktitle = {Proceedings of the 2006 International Workshop on Automation of Software Test},
 series = {AST '06},
 year = {2006},
 isbn = {1-59593-408-1},
 location = {Shanghai, China},
 pages = {78--84},
 numpages = {7},
 url = {http://doi.acm.org/10.1145/1138929.1138945},
 doi = {10.1145/1138929.1138945},
 acmid = {1138945},
 publisher = {ACM},
 address = {New York, NY, USA}
} 

@article{Ma:Offutt:Kwon:2005:MuAutomated,
 author = {Ma, Yu-Seung and Offutt, Jeff and Kwon, Yong Rae},
 title = {MuJava: An Automated Class Mutation System: Research Articles},
 journal = {Softw. Test. Verif. Reliab.},
 issue_date = {June 2005},
 volume = {15},
 number = {2},
 month = jun,
 year = {2005},
 issn = {0960-0833},
 pages = {97--133},
 numpages = {37},
 url = {http://dx.doi.org/10.1002/stvr.v15:2},
 doi = {10.1002/stvr.v15:2},
 acmid = {1077304},
 publisher = {John Wiley and Sons Ltd.},
 address = {Chichester, UK},
 keywords = {mutation testing, object-oriented programs, software testing}
} 

@ARTICLE{IEEE:2009, 
journal={IEEE Std 1044-2009 (Revision of IEEE Std 1044-1993)}, 
title={IEEE Standard Classification for Software Anomalies}, 
year={2010}, 
pages={1-23}, 
keywords={security of data;software process improvement;IEEE standard classification;classification data;defect causal analysis;defect detection;project management;software anomalies;software process improvement;Classification;IEEE standards;Software maintenance;1044-2009;anomaly;bug;classification;defect;error;failure;fault;problem}, 
doi={10.1109/IEEESTD.2010.5399061}, 
month={Jan}
}

@article{Offutt:1992:Coupling,
 author = {Offutt, A. Jefferson},
 title = {Investigations of the Software Testing Coupling Effect},
 journal = {ACM Trans. Softw. Eng. Methodol.},
 issue_date = {Jan. 1992},
 volume = {1},
 number = {1},
 month = jan,
 year = {1992},
 issn = {1049-331X},
 pages = {5--20},
 numpages = {16},
 url = {http://doi.acm.org/10.1145/125489.125473},
 doi = {10.1145/125489.125473},
 acmid = {125473},
 publisher = {ACM},
 address = {New York, NY, USA},
 keywords = {fault-based testing, mutation, software testing, unit testing}
} 

@ARTICLE{Barr:Harman:McMinn:Shahbaz:Yoo:2015, 
author={Barr, E.T. and Harman, M. and McMinn, P. and Shahbaz, M. and Shin Yoo}, 
journal={Software Engineering, IEEE Transactions on}, 
title={The Oracle Problem in Software Testing: A Survey}, 
year={2015}, 
volume={41}, 
number={5}, 
pages={507-525}, 
keywords={formal specification;program testing;contract-driven development;domain specific information;informal oracle guidance;informal specifications;metamorphic testing;oracle automation;software testing practice;software testing research;test oracle information;test oracle problem;Automation;Licenses;Market research;Probabilistic logic;Reliability;Software testing;Automatic testing;Test oracle;Testing formalism;automatic testing;testing formalism}, 
doi={10.1109/TSE.2014.2372785}, 
ISSN={0098-5589}, 
month={May}
}